@Book{thesispedro,
  author    = {Pedro F. Toledo},
  title     = {Implementation of a multithreaded numeric genetic algorithm with decreasing mutation impact for training of a visual cortex simulator},
  publisher = {UTFSM},
  year      = {2014},
  address   = {Valpara\'iso, Chile},
}