@Book{dummy,
  author    = {Dummy, PhD},
  title     = {Dummy for Dummies},
  publisher = {The Dummy Institution},
  year      = {1234},
  address   = {Dummytopia},
  isbn      = {1234567890}
}